@article{goodman1981finite,
  title={Finite-temperature HFB theory},
  author={Goodman, Alan L},
  journal={Nuclear Physics A},
  volume={352},
  number={1},
  pages={30--44},
  year={1981},
  publisher={Elsevier}
}

@online{many-body.pdf,
  title={Many-Body Priblem},
  author={倉澤 治樹},
  year ={2019},
  url = {https://opac.ll.chiba-u.jp/da/curator/900121235/many-body.pdf},
  note = {2024年10月アクセス}
}

@online{nucleus.pdf,
  title={原子核物理学},
  author={倉澤 治樹},
  year ={2000},
  url = {https://opac.ll.chiba-u.jp/da/curator/900121240/nucleus.pdf},
  note = {2024年10月アクセス}
}

@online{qm_a.pdf,
  title={量子力学},
  author={倉澤 治樹},
  year ={2020},
  url = {https://opac.ll.chiba-u.jp/da/curator/900121233/qm_a.pdf},
  note = {2024年10月アクセス}
}

@book{thenuclearmanybody,
  author = {Peter H. Schuck, Peter Ring},
  publisher = {Springer-Verlag Berlin and Heidelberg GmbH \& Co. K},
  title = {The Nuclear Many-Body Problem},
  year = {1980}
}

@book{NuclearKEK,
  author = {熊野 俊三},
  publisher = {共立出版},
  title = {原子核物理学},
  year = {2015}
}

@book{Nuclearasakura,
  author = {八木 浩輔},
  publisher = {共立出版},
  title = {原子核物理学},
  year = {1971}
}

@book{nucleus_structure,
  author = {Mottelson Ben R. ,Bohr Aage},
  editor = {中村 誠太郎},
  publisher = {講談社},
  title = {原子核構造１単一粒子運動-},
  year = {1979}
}

@book{asakura_structure,
  author = {高田健次郎,池田清美},
  publisher = {朝倉書店},
  title = {朝倉物理学大系18 原子核構造論},
  year = {2002}
}