@article{goodman1981finite,
  title={Finite-temperature HFB theory},
  author={Goodman, Alan L},
  journal={Nuclear Physics A},
  volume={352},
  number={1},
  pages={30--44},
  year={1981},
  publisher={Elsevier}
}

@online{many-body.pdf,
  title={Many-Body Priblem},
  author={倉澤 治樹},
  year ={2019},
  url = {https://opac.ll.chiba-u.jp/da/curator/900121235/many-body.pdf},
  note = {2024年10月アクセス}
}

@online{nucleus.pdf,
  title={原子核物理学},
  author={倉澤 治樹},
  year ={2000},
  url = {https://opac.ll.chiba-u.jp/da/curator/900121240/nucleus.pdf},
  note = {2024年10月アクセス}
}

@online{qm_a.pdf,
  title={量子力学},
  author={倉澤 治樹},
  year ={2020},
  url = {https://opac.ll.chiba-u.jp/da/curator/900121233/qm_a.pdf},
  note = {2024年10月アクセス}
}

@book{thenuclearmanybody,
  author = {Peter Ring, Peter H. Schuck},
  publisher = {Springer-Verlag Berlin and Heidelberg GmbH \& Co. K},
  title = {The Nuclear Many-Body Problem},
  year = {1980}
}

@book{NuclearKEK,
  author = {熊野 俊三},
  publisher = {共立出版},
  title = {原子核物理学},
  year = {2015}
}

@book{Nuclearasakura,
  author = {八木 浩輔},
  publisher = {共立出版},
  title = {原子核物理学},
  year = {1971}
}

@book{nucleus_structure,
  author = {Bohr Aage,Mottelson Ben R.},
  editor = {中村 誠太郎},
  publisher = {講談社},
  title = {原子核構造１単一粒子運動-},
  year = {1979}
}

@article{baranger1968nuclear,
  title={Nuclear deformations in the pairing-plus-quadrupole model:(II). Discussion of validity of the model},
  author={Baranger, Michel and Kumar, Krishna},
  journal={Nuclear Physics A},
  volume={110},
  number={3},
  pages={490--528},
  year={1968},
  publisher={Elsevier}
}

@online{label,
  author    = {著者名},
  title     = {記事やウェブページのタイトル},
  year      = {年},
  url       = {ウェブページのURL},
  note      = {アクセス日: YYYY-MM-DD}
}

@online{arimoto,
  author    = {有本 靖},
  organization = {高エネルギー加速器研究機構},
  title     = {超伝導の基礎},
  year      = {2022年},
  url       = {http://accwww2.kek.jp/oho/textbook/from2022/2022/text/2_Arimoto.pdf},
  note      = {2025年3月アクセス}
}

@mastersthesis{key,
  author = {江刺屋 健司},
  school = {千葉大学大学院自然科学研究科},
  title = {有限温度における原子核の超流動状態の研究},
  year = {2005}
}